	# Don't type all these out yourself if you can help it.  Lots of places
# (like NASA's ADS abstract service) provide preformatted BibTeX entries.

@article{MIZUNO:2008p2919,
author = {H MIZUNO and N TSUYAMA and S DATE and T HARADA {\ldots}}, 
journal = {Analytical Sciences},
title = {Live Single-cell Metabolomics of Tryptophan and Histidine Metabolites in a Rat Basophil {\ldots}},
abstract = { Rapid Communications Live -  of Tryptophan and Histidine Metabolites in a Rat Basophil Leukemia Cell Hajime },
pages = {1525--1527},
volume = {24},
year = {2008}
}

@article{Weckwerth:2003p2788,
author = {W Weckwerth}, 
journal = {Annual Review of Plant Biology},
title = {Metabolomics in Systems Biology},
abstract = { This potential is a prerequisite for the  of dynamic . Thus, is a key technology for  . },
pages = {669--689},
volume = {54},
year = {2003}
}

@article{Lebedev:2008p2704,
author = {A Lebedev and V Zaikin}, 
journal = {Journal of Analytical Chemistry},
title = {Organic mass spectrometry at the beginning of the 21st century},
abstract = { Stringent requirements on the purity of solvents; bad    ; strong effect of the cone potential and liquid phases on the character },
year = {2008},
volume = "63",
issue= "12",
pages = "1128–1154",
}

@article{Dunn:2005p2594,
author = {W Dunn and N Bailey and H Johnson}, 
journal = {The Analyst},
title = {Measuring the metabolome: current analytical technologies},
year = {2005},
volume = "130",
pages = "606-625"
}

@BOOK{dendral1980,
    author = " R. K. Lindsy and B. G. Buchanan and E. A. Feigenbaum and J. Lederberg",
    title = "Applications of Artificial Intelligence for Organic Chemistry - The Dendral Project",
    publisher = "McGraw-Hill Book Company",
  	year = "1980",
  	adress = "New York, St. Louis, San Francisco",
}
@MISC{latex2007,
    title = "TeX is a registered trade mark from American Mathematical Society",
  	year = "accessed 2007",
  	note = "\texttt{\small http://www.latex-project.org/}",
}
@MISC{richClientPlatform2007,
    title = "The eclipse wiki",
  	year = "accessed 2007",
  	note = "\texttt{\small http://eclipsewiki.editme.com/}",
}
@MISC{gef2007,
    title = "The eclipse GEF",
  	year = "accessed 2007",
  	note = "\texttt{\small http://www.eclipse.org/gef/}",
}
@MISC{openSource2007,
    title = "The eclipse GEF",
  	year = "accessed 2007",
  	note = "\texttt{\small http://sourceforge.net/}",
}
@MISC{wikipediaIndoleReaction2007,
    title = "Bartoli indole synthesis",
  	year = "accessed 2007",
  	note = "\texttt{\small http://en.wikipedia.org/wiki/ Bartoli\_indole\_synthesis}",
}
@ARTICLE{stirs1981,
    author = "K. S Haraki and R. Venkataraghavan and F. W. McLafferty",
    title = "Prediction of Substructures from Unknown Mass Spectra by the Self-Training Interpretive and Retrieval System",
    journal = "Anal. Chem.",
    year = "1981",
    volume = "53",
    pages = "386-392",
}
@ARTICLE{thomson1987,
    author = "J.J. Thomson",
    title = "Cathode Rays",
    journal = "Philosophical Magazine",
    year = "1897",
    volume = "44",
    pages = "295",
}
@INBOOK{steinbeck2003,
    author = "C. Steinbeck",
    title = "Computer-Assisted Structure Elucidation",
    booktitle="Handbook on Chemoinformatics",
    publisher = "Wiley-VCH",
  	year = "2003",
  	pages = "1378--1406",
  	adress = "Weinheim",
}
@ARTICLE{steinbeck2004,
    author = "C. Steinbeck",
    title = "Recent Developments in Automated Structure Elucidation of Natural Products",
    journal = "Natural Product Reports",
    year = "2004",
    volume = "21",
    pages = "512-518"
}
@ARTICLE{steinbeck2001,
    author = "C. Steinbeck",
    title = " The Automation of Natural Product Structure Elucidation",
    journal = " Current Opinion in Drug Discovery and Development",
    year = "2001",
    volume = "4",
    pages = "338-342",
}
@ARTICLE{miyake2003,
    author = "Y. H. Miyake and R. Tajima and M. Ono",
    title = "Fate of pesticide metabolites on malt during brewing",
    journal = "Journal of the American Society of Brewing Chemists",
    year = "2003",
    volume = "61",
    number = "1",
    pages = "33-36",
}
@ARTICLE{kind2007,
    author = "Tobias Kind and Oliver Fiehn",
    title = "Seven Golden Rules for heuristic filtering of molecular formulas obtained by accurate mass spectrometry",
    journal = "BMC Bioinformatics",
    year = "2007",
    volume = "8",
    number = "105",
    pages = "1-20",
}
@ARTICLE{rojas2006,
    author = "Miguel Rojas",
    title = "Discovering Partial Atomic Charges in pi-Systems",
    journal = "CDKNews. ISSN 1614-7553",
    year = "2006",
    volume = "3",
    number = "3",
    pages = "41-48",
    issn = "1614-7553",
}
@ARTICLE{bremser1978,
    author = "W. Bremser",
    title = "HOSE - A Novel Substructure Code.",
    journal = "Anal. Chem. Acta",
    year = "1978",
    volume = "103",
    pages = "355-365",
}

@ARTICLE{elyashberg2005,
    author = "M. E. Elyashberg and K. A. Blinov and A. J. Williams and S. G. Molodtsov and G. E. Martin",
    title = "Are Deterministic Expert Systems for Computer-Assisted Structure Elucidation Obsolete?",
    journal = "J. Chem. Inf. Model",
    year = "2005",
    volume = "46",
    pages = "1643-1656",
}
@ARTICLE{bacon1984,
    author = "J. R. Bacon and A. M. Ure",
    title = "Spark-source Mass Spectrometry: Recent Developments and Applications",
    journal = "Analyst",
    year = "1984",
    volume = "109",
    pages = "1229-1253",
}
@ARTICLE{konishi2007,
    author = "Y. Konishi and T. Kiyota and C. Draghici and J. Gao and F. Yeboah and S. Acoca and S. Jarussophon and E. Purisima",
    title = "Molecular Formula Analysis by an MS/MS/MS Techinique To Expedite Dereplication of Natural Products",
    journal = "Anal. Chem.",
    year = "2007",
    volume = "79",
    pages = "1187-1197",
}
@ARTICLE{murrayRust1999,
    author = "P. Murray-Rust and H. S. Rzepa",
    title = "Chemical Markup, xml, and the Worldwide Web. 1. Basic Principles.",
    journal = "J. Chem. Inf. Comp. Sci.",
    year = "1999",
    volume = "39",
    pages = "928-942",
}
@ARTICLE{cmlSpectrum2007,
    author = "Stefan Kuhn and Tobias Helmus and Robert J. Lancashire and Peter Murray-Rust and Christoph Steinbeck and Egon L. Willighagen and Henry Rzepa",
    title = "Chemical Markup, XML, and the World Wide Web. 7. CMLSpect, an XML vocabulary for spectral data",
    journal = "Submited",
    year = "2007",
}
@ARTICLE{cmlReact2006,
    author = "G. L. Holliday and P. Murray-Rust and H. S. Rzepa and M. Wright",
    title = "Chemical Markup, XML, and the World Wide Web. 6. CMLReact, an XML vocabulary for chemical reactions",
    journal = "J. Chem. Inf. Comp. Sci.",
    year = "2006",
    volume = "46",
    pages = "145-157"
}
@ARTICLE{chemics1986,
    author = "K. Funatsu and A. C. Del Carpio and S. Saki",
    title = "Automatic Structure Elucidation Syystem CHEMICS",
    journal = "Anal. Chem.",
    year = "1986",
    volume = "329",
    pages = "750-759"
}
@ARTICLE{mdlrxn1992,
    author = "Arthur Dalby et al.",
    title = "Description of Several Chemical Structure File Formats Used by Computer Programs Developed at Molecular Design Limited.",
    journal = "J. Chem. Inf. Comp. Sci.",
    year = "1992",
    volume = "32",
    pages = "244-255"
}
@BOOK{henry1966,
    author = "Henry A. Boorse and Lloyd Motz",
    title = "The World of the Atom",
    publisher = "Basic Books",
  	year = "1966",
  	adress = "New York",
    volume = "89",
    pages = "1-20",
}
@BOOK{smith2004,
    author = "R. Martin Smith",
    title = "Understanding Mass Spectra: A Basic Approach",
    publisher = "Wiley-Interscience",
  	year = "2004",
  	adress = "New York",
    edition = "2",
    pages = "392",
}
@BOOK{gray1986,
    author = "Neil A.B. Gray",
    title = "Computer-assisted Structure Elucidation",
    publisher = "John Wiley and Sons Inc",
  	year = "1986",
}
@BOOK{finkelnburg1964,
    author = "W. Finkelnburg",
    title = "Einfürung in die Atomphysik",
    publisher = "Springer",
  	year = "1964",
  	adress = "Berlin",
    volume = "89",
    pages = "1-20",
}

@BOOK{mcLafferty1980,
    author = "F. W. McLaffert",
    title = "Interpretation of Mass Spectra",
    publisher = "University Science Books, Mill Valley",
  	year = "1980",
  	adress = "California, Sousalito",
}
@ARTICLE{bioclipse2007,
    author = "Ola Spjuth and Tobias Helmus and Egon L Willighagen and Stefan Kuhn and Martin Eklund and Johannes Wagener and Peter Murray-Rust and Christoph Steinbeck and Jarl ES Wikberg",
    title = "Bioclipse: an open source workbench for chemo- and bioinformatics",
    journal = "BMC Bioinformatics",
  	year = "2007",
    volume = "59",
    number = "7",
    pages = "1-10",
}
@ARTICLE{lohninger1987,
    author = "H. Lohninger and K. Varmuza",
    title = "Selective Detection of Classes of Chemical Compounds by Gas Chromatography/ 
    Mass Spectrometry/ Pattern Recognition: Polycyclic Aromatic Hydrocarbon and Alkanes",
    journal = "Anal. Chem.",
    year = "1987",
    volume = "57",
    pages = "236-244",
}
@BOOK{robinson1972,
    author = "P. J. Robinson and K. A. Holbrook",
    title = "Unimolecular Reactions",
    publisher = "Interscience",
  	year = "1972",
  	adress = "London",
}

@BOOK{frost1973,
    author = "W. Frost",
    title = "Theory of Unimolecular Reactions",
    publisher = "Academic Press",
  	year = "1973",
  	adress = "New York",
}
@ARTICLE{marcus1952,
    author = "R. A. Marcus",
    title= " ",
    journal = "ibid",
    year = "1952",
    volume = "20",
    pages = "359",
}
@ARTICLE{kwok1973,
    author = "K. S. Kwok and R. Venkataraghavan and F. W. McLafferty",
    title = "Computer-aided Interpretation of Mass Spectra. A Self-Training
    Interpretive and Retrieval System",
    journal = "J. Am. Chem. Soc.",
    year = "1973",
    volume = "95",
    pages = "4185-4194",
}
@ARTICLE{haraki1981,
    author = "K. S. Haraki and R. Venkataraghavan and F.W. McLafferty",
    title = "Prediction of Substructures form Unknown Mass Spectra by the Self-Training
    Interpretive and Retrival System.",
    journal = "Anal. Chem.",
    year = "1981",
    volume = "53",
    pages = "386-392",
}
@ARTICLE{wan2002,
    author = "K. X. Wan and I. Vidavsky and M. L. Gross",
    title = "Comparing similar spectra: From similarity index to spectral contrast angle.",
    journal = "J. Am. Soc. Mass. Spectr.",
    year = "2002",
    volume = "13",
    number = "1",
    pages = "85-88",
}
@BOOK{weka2005,
    author = "Ian H. Witten and Eibe Frank",
    title = "Data Mining: Practical machine learning tools and techniques.",
    publisher = "Morgan Kaufmann",
  	year = "2005",
  	edition = "2nd",
  	adress = "San Francisco",
}
@ARTICLE{jalali2000,
    author = "M. Jalali-Heravi and M. H. Fatemi",
    title = "Prediction of thermal conductivity detection response factors using an artificial neural network",
    journal = "Analytica Chimica Acta",
    year = "200",
    volume = "415",
    number = "1-2",
    pages = " 95-103",
}
@ARTICLE{curry1990,
    author = "B. Curry and D. Rummelhart",
    title = "MSnet: A Neural Network that Classifies Mass Spectra.",
    journal = "Tetrahedrom Computer Methodology",
    year = "1990",
    volume = "3",
}

@ARTICLE{massis2003a,
    author = "H. Chen and B. Fan and H. Xia and M. Petitjean and S. Yuan and A. Panaye and J. Doucet",
    title = "MASSIS: a mass spectrum simulation system. 1. Principle and method",
    journal = "European Journal of Mass Spectrometry",
    year = "2003",
    volume = "9",
    number = "3",
    pages = "175-186",
}
@ARTICLE{massis2003b,
    author = "H. Chenand B. Fan and M. Petitjean and A. Panaye and J. Doucet and F. Li and H. Xia and S. Yuan",
    title = "MASSIS: a mass spectrum simulation system. 2: Procedures and performance",
    journal = "European Journal of Mass Spectrometry",
    year = "2003",
    volume = "9",
    number = "5",
    pages = "445-457",
}
@ARTICLE{masssimo2003,
    author = "K. S Haraki and R. Venkataraghavan and F. W. McLafferty",
    title = "Prediction of Substructures from Unknown Mass Spectra by the Self-Training Interpretive and Retrieval System",
    journal = "Anal. Chem.",
    year = "2003",
    volume = "9",
    number = "3",
    pages = "386-392",
}
@ARTICLE{kerber2006,
    author = "A. Kerber and M. Meringer and C. Rucker",
    title = "CASE via MS: Ranking structure candidates by mass spectra",
    journal = "Croatica Chemica Acta",
    year = "2006",
    volume = "79",
    number = "3",
    pages = "449-464",
}
@ARTICLE{fic1997,
    author = "G. Fic and G. Nowak",
    title = "Extend Concept of Reaction Generators in an Organic Reaction Prediction System CSB",
    journal = "Computers and Chem.",
    year = "1997",
    volume = "22",
    number = "1",
    pages = "141-146",
}
@BOOK{henneberg1988,
    author = "Henneberg and B. Weimann",
    title = "Spektrenbibliotheken in der massenspektrometrischen Analytik Softwareentwicklung in der Chemiei",
    publisher = "Springer Verlag",
    year = "1988",
    pages = "153-157",
    adress ="Heiderlberg",
}
@BOOK{massLib1987,
    author = "Max-Planck-Institut für Kohlenforschung, ",
    title = "MASS-LIB, Evaluation of low resolution mass spectra series",
    publisher = "McGraw-Hill Book Company",
  	year = "1987",
  	version = "5.2",
  	adress = "Aiser-Wilhelm-Platz 1, D-4330 Mühlheim an der Ruhr",
}
@BOOK{chemoinformaticsBOOK_JG2002,
  	AUTHOR = "Johann Gasteiger and Thomas Engel",
  	TITLE = "Chemoinformatics",
    publisher = "Wiley-VCH",
  	YEAR = "2002",
    month = "dec",
    pages = "680",
}

@MISC{chemicalReactions2006,
    title = "Chemical reaction",
    howpublished = "In Wikipedia, The Free Encyclopedia",
    year = "2006",
    note = "\texttt{\small http://en.wikipedia.org/wiki/Chemicalreactions}"
}

@ARTICLE{cdk2002,
    author = "C. Steinbeck and Y. Han and S. Kuhn and S. Horlacher and E. Luttmann and E. Willighagen",
    title = "The chemistry development kit (CDK): An open-source java library for chemo- and bioinformatics",
    journal = "J. Chem. Inf. Comput. Sci.",
    year = "2002",
    volume = "43",
    number = "2",
    pages = "493-500",
}
@MISC{specInfo2007,
    title = "SpeckInfo 2.0",
    note = "Chemical Conepts GmbH",
    adress ="Weinheim",
    year = "2007",
}

@ARTICLE{bremser1988,
    author = "W. Bremser",
    title = "Structure Elucidation and Artificial-Intelligence",
    journal = "Angew. Chem.",
    year = "1988",
    volume = "100",
    pages = "252",
}
@ARTICLE{linberg1975,
    author = " L.F. Linberg and Yu. N. Sheinker1 and T. S. Safonova",
    title = "Mass-spectrometric study of the structures of the metabolites of bis(1-aziridinyl)-2-pyrimidylaminophosphine oxide (phosphemide)",
    journal = "Chemistry of Heterocyclic Compounds",
    year = "1975",
    volume = "11",
    number = "2",
    pages = "226-229",
}
@ARTICLE{seneca2001,
    author = "C. Steinbeck",
    title = "SENECA: A platform-independent, distributed, and parallel system for computer-assisted structure elucidation in organic chemistry",
    journal = "J. Chem. Inf. Comput. Sci.",
    year = "2001",
    volume = "41",
    number = "6",
    pages = "1500-1507",
}
@ARTICLE{seneca2004,
    author = "Y. Han and C. Steinbeck",
    title = "An evolutionary algorithm based strategy for computer-assisted molecular structure elucidation",
    journal = "J. Chem. Inf. Comput. Sci.",
    year = "2004",
    volume = "44",
    pages = "489-498",
}
@ARTICLE{craft2002,
    author = "D. Craft and A. Doucette and L. Li",
    title = "Microcolumn capture and digestion of proteins combined with mass spectrometry for protein identification",
    journal = "Journal of Proteome Research",
    year = "2002",
    volume = "1",
    number = "6",
    pages = "537-547",
}

@ARTICLE{vasilescu2002,
    author = "J. Vasilescu and D. Zweitzig and N. Denis and J. Smith and M. Ethier and D. Haines and D. Figeys",
    title = " The proteomic reactor facilitates the analysis of affinity-purified proteins by mass spectrometry: Application for identifying ubiquitinated proteins in human cells",
    journal = "Journal of Proteome Research",
    year = "2002",
    volume = "1",
    number = "6",
    pages = "537-547",
}
@ARTICLE{akashi2006,
    author = "S. Akashi",
    title = "Investigation of molecular interaction within biological macromolecular complexes by mass spectrometry",
    journal = "Medicinal Research Reviews",
    year = "2006",
    volume = "26",
    number = "3",
    pages = "339-368",
}

@ARTICLE{meija2006,
    author = "J. Meija",
    title = "Mathematical tools in analytical mass spectrometry",
    journal = "Analytical and Bioanalytical Chemistry",
    year = "2006",
    volume = "385",
    number = "3",
    pages = "486-499",
}

@ARTICLE{flamini2006,
    author = "R. Flamini and A. Panighel",
    title = "Mass spectrometry in grape and wine chemistry. Part II: The consumer protection",
    journal = "Mass Spectrometry Reviews",
    year = "2006",
    volume = "385",
    number = "3",
    pages = "486-499",
}

@ARTICLE{jagerdeo2006,
    author = "E. Jagerdeo and S. Dugar and G. Foster and H. Schenck;",
    title = "Analysis of ethyl carbamate in wines using solid-phase extraction and multidimensional gas chromatography/mass spectrometry",
    journal = "Journal of Agricultural and Food Chemistry",
    year = "2006",
    volume = "25",
    number = "5",
    pages = "741-774",
}
@ARTICLE{gasteiger1992,
    author = "J. Gasteiger and W. Hanebeck and K. P. Schulz",
    title = "Prediction of Mass Spectra from Structural Information",
    journal = "J. Chem. Inf. Comput. Sci.",
    year = "1992",
    volume = "32",
    pages = "264-271",
}
@BOOK{budzikewicz1967,
    author = "H. Budzikiewicz and C. Djerassi and D. H. Williams",
    title = "Mass Spectrometry of Organic Compounds",
    publisher = "Holden Day",
  	YEAR = "1967",
    adress = "California, San Francisco",
}
@ARTICLE{steinbeck2006,
    author = "C. Steinbeck and C. Hoppe and S Kuhn and M. Floris and R. Guha and E. Willighagen",
    title = "Recent developments of the Chemistry Development Kit (CDK) - An open-source Java library for chemo- and bioinformatics",
    journal = "Current Pharmaceutical Design",
    year = "2006",
    volume = "12",
    number = "17",
    pages = "2111-2120",
}
@ARTICLE{marsili1980,
    author = "J. Gasteiger and M. Marsili",
    title = "Iterative Partial Equalization of Orbital Electronegativity - A Rapid Access to Atomic Charges.",
    journal = "Tetrahedron",
    year = "1980",
    volume = "36",
    pages = "3219-3288",
}
@phdthesis{marsili1980D,
    author = "Marsili Mario",
    title = "Ladungsverteilungen und chemische Reaktivität in der computergesteuerten Reaktionsimulation",
    year = "1980",
    school = "München, Techn. Univ",
}
@phdthesis{saller1985D,
    author = "H. Saller",
    title = "Quantitative Emperische Modelle fur Elektronische Effekte in Pi-Systemen und für die Chemische Reaktivität.",
    year = "1985",
    school = "München, Techn. Univ",
}
@phdthesis{herwig2004D,
    author = "A. Herwig",
    title = "Development of an Integrated Framework for Chemoinformatics Applications",
    year = "2004",
    school = "Universität Erlangen-Nürnberg",
}
@phdthesis{hanebeck1991D,
    author = "Wolfgang Hanebeck",
    title = "Simulation und Rekonstruktion von Reaktionen im Masenspektrometer",
    year = "1991",
    school = "München, Techn. Univ",
}
@MISC{Petra2v,
    title = "PETRA",
    year = "1995",
    adress = "Univ. Erlangen-Nürnenberg",
    version = "Version 2.6",
    note = "\texttt{\small http://www2.chemie.uni-erlangen.de/software/petra}"
}
@MISC{Petra3v,
    title = "PETRA",
    year = "2003",
    adress = "Molecular Networks GmbH, Erlangen",
    version = "Version 3.2",
    note = "\texttt{\small http://www.mol-net.de/}"
}
@MISC{adriana2003,
    title = "Adriana",
    year = "2003",
    adress = "Molecular Networks GmbH, Erlangen",
    version = "Version 2.0",
    note = "\texttt{\small http://www.mol-net.de/software/adrianacode/index.html}"
}
@MISC{CCLemailGasteiger,
    title = "Computational Chemistry List, ITD.: (From: Wolf-Dietrich Ihlenfeldt; Date: Wed. 16 Jan 2002; Subject: Re: CCL: Gasteiger charges questions)",
    note = "\texttt{\small http://www.ccl.net/chemistry/resources/}",
    year = "1996",
}
@ARTICLE{mulliken1934,
    author = "R. S. Mulliken",
    title="A New Electroaffinity Scale; Together with Data on Valence States and on Valence Ionization Potentials and Electron Affinities",
    journal = "J. Chem. Phys.",
    year = "1934",
    volume = "2",
    pages = "782",
}
@ARTICLE{hinze1934,
    author = "J. Hinze and H. H. Jaffe",
    title ="Electronegativity .1. Orbital Electronegativity of Neutral Atoms",
    journal = "J. Am. Chem. Soc.",
    year = "1962",
    volume = "84",
    number ="4",
    pages = "540",
}
@ARTICLE{mnrShiftdb2004a,
    author = "C. Steinbeck",
    title = "NMRShiftDB",
    journal = "CDKNews. ISSN 1614-7553",
    year = "2004",
    volume = "1",
    number = "1",
    pages = "2-3",
    ISSN = "1614-7553",
}
@ARTICLE{mnrShiftdb2004b,
    author = "C. Steinbeck and S. Kuhn",
    title = "NMRShiftDB - compound identification and structure elucidation support through a free community-built web database",
    journal = "Phytochemistry",
    year = "2004",
    volume = "65",
    number = "19",
    pages = "2711-2717",
}
@ARTICLE{garagnani1977,
    author = "E. Garagnani and J. C. J. Bart",
    title = "Organic Reaction Schemes and General Reaction-Matrixs Types, III - A Quantitative Analysis",
    journal = "Z. Naturforsch.",
    year = "1977",
    volume = "32b",
    pages = "465-468",
}
@BOOK{szabo1934,
    author = "A. Szabo and N. S. Ostlung",
    title = "Modern Quantum Chemistry: Introduction to Advanced Electronic Structure
Theory",
    publisher = "Dover Publications",
  	year = "1996",
  	adress = "New York",
}
@MISC{NIST2007,
	autor ="E. Paul",
	title ="rooted tree",
    howpublished = "U.S. National Institute of Standards and Technology",
  	year = "accessed 2007",
    note = "\texttt{\small http://webbook.nist.gov/chemistry/}",
}